%YAML 1.1
%TAG !u! tag:unity3d.com,2011:
--- !u!1 &1896555087339043331
GameObject:
  m_ObjectHideFlags: 0
  m_CorrespondingSourceObject: {fileID: 0}
  m_PrefabInstance: {fileID: 0}
  m_PrefabAsset: {fileID: 0}
  serializedVersion: 6
  m_Component:
  - component: {fileID: 1896555087339043330}
  - component: {fileID: 1896555087339043329}
  m_Layer: 0
  m_Name: LinePrefab
  m_TagString: Untagged
  m_Icon: {fileID: 0}
  m_NavMeshLayer: 0
  m_StaticEditorFlags: 0
  m_IsActive: 1
--- !u!4 &1896555087339043330
Transform:
  m_ObjectHideFlags: 0
  m_CorrespondingSourceObject: {fileID: 0}
  m_PrefabInstance: {fileID: 0}
  m_PrefabAsset: {fileID: 0}
  m_GameObject: {fileID: 1896555087339043331}
  m_LocalRotation: {x: -0, y: -0, z: -0, w: 1}
  m_LocalPosition: {x: 0, y: 0, z: 0}
  m_LocalScale: {x: 1, y: 1, z: 1}
  m_Children:
  - {fileID: 1896555086989766614}
  - {fileID: 994385888300295470}
  - {fileID: 994385887009720560}
  - {fileID: 994385888639227687}
  - {fileID: 994385888477941417}
  - {fileID: 994385887286941743}
  m_Father: {fileID: 0}
  m_RootOrder: 0
  m_LocalEulerAnglesHint: {x: 0, y: 0, z: 0}
--- !u!114 &1896555087339043329
MonoBehaviour:
  m_ObjectHideFlags: 0
  m_CorrespondingSourceObject: {fileID: 0}
  m_PrefabInstance: {fileID: 0}
  m_PrefabAsset: {fileID: 0}
  m_GameObject: {fileID: 1896555087339043331}
  m_Enabled: 1
  m_EditorHideFlags: 0
  m_Script: {fileID: 11500000, guid: ee12a066b171b6342ac878d77c161e07, type: 3}
  m_Name: 
  m_EditorClassIdentifier: 
  blockPrefab: {fileID: 1701567360463815727, guid: c64bf64e6ab16914eaffa051d8496353,
    type: 3}
--- !u!1001 &994385888155036664
PrefabInstance:
  m_ObjectHideFlags: 0
  serializedVersion: 2
  m_Modification:
    m_TransformParent: {fileID: 1896555087339043330}
    m_Modifications:
    - target: {fileID: 1701567360463815727, guid: c64bf64e6ab16914eaffa051d8496353,
        type: 3}
      propertyPath: m_Name
      value: Block
      objectReference: {fileID: 0}
    - target: {fileID: 1701567360463815727, guid: c64bf64e6ab16914eaffa051d8496353,
        type: 3}
      propertyPath: m_IsActive
      value: 0
      objectReference: {fileID: 0}
    - target: {fileID: 1701567360463815726, guid: c64bf64e6ab16914eaffa051d8496353,
        type: 3}
      propertyPath: m_LocalPosition.x
      value: -2.5
      objectReference: {fileID: 0}
    - target: {fileID: 1701567360463815726, guid: c64bf64e6ab16914eaffa051d8496353,
        type: 3}
      propertyPath: m_LocalPosition.y
      value: 0
      objectReference: {fileID: 0}
    - target: {fileID: 1701567360463815726, guid: c64bf64e6ab16914eaffa051d8496353,
        type: 3}
      propertyPath: m_LocalPosition.z
      value: 0
      objectReference: {fileID: 0}
    - target: {fileID: 1701567360463815726, guid: c64bf64e6ab16914eaffa051d8496353,
        type: 3}
      propertyPath: m_LocalRotation.x
      value: -0
      objectReference: {fileID: 0}
    - target: {fileID: 1701567360463815726, guid: c64bf64e6ab16914eaffa051d8496353,
        type: 3}
      propertyPath: m_LocalRotation.y
      value: -0
      objectReference: {fileID: 0}
    - target: {fileID: 1701567360463815726, guid: c64bf64e6ab16914eaffa051d8496353,
        type: 3}
      propertyPath: m_LocalRotation.z
      value: -0
      objectReference: {fileID: 0}
    - target: {fileID: 1701567360463815726, guid: c64bf64e6ab16914eaffa051d8496353,
        type: 3}
      propertyPath: m_LocalRotation.w
      value: 1
      objectReference: {fileID: 0}
    - target: {fileID: 1701567360463815726, guid: c64bf64e6ab16914eaffa051d8496353,
        type: 3}
      propertyPath: m_RootOrder
      value: 0
      objectReference: {fileID: 0}
    - target: {fileID: 1701567360463815726, guid: c64bf64e6ab16914eaffa051d8496353,
        type: 3}
      propertyPath: m_LocalEulerAnglesHint.x
      value: 0
      objectReference: {fileID: 0}
    - target: {fileID: 1701567360463815726, guid: c64bf64e6ab16914eaffa051d8496353,
        type: 3}
      propertyPath: m_LocalEulerAnglesHint.y
      value: 0
      objectReference: {fileID: 0}
    - target: {fileID: 1701567360463815726, guid: c64bf64e6ab16914eaffa051d8496353,
        type: 3}
      propertyPath: m_LocalEulerAnglesHint.z
      value: 0
      objectReference: {fileID: 0}
    m_RemovedComponents: []
  m_SourcePrefab: {fileID: 100100000, guid: c64bf64e6ab16914eaffa051d8496353, type: 3}
--- !u!4 &1896555086989766614 stripped
Transform:
  m_CorrespondingSourceObject: {fileID: 1701567360463815726, guid: c64bf64e6ab16914eaffa051d8496353,
    type: 3}
  m_PrefabInstance: {fileID: 994385888155036664}
  m_PrefabAsset: {fileID: 0}
--- !u!1001 &1896555087108808960
PrefabInstance:
  m_ObjectHideFlags: 0
  serializedVersion: 2
  m_Modification:
    m_TransformParent: {fileID: 1896555087339043330}
    m_Modifications:
    - target: {fileID: 1701567360463815727, guid: c64bf64e6ab16914eaffa051d8496353,
        type: 3}
      propertyPath: m_Name
      value: Block (1)
      objectReference: {fileID: 0}
    - target: {fileID: 1701567360463815727, guid: c64bf64e6ab16914eaffa051d8496353,
        type: 3}
      propertyPath: m_IsActive
      value: 0
      objectReference: {fileID: 0}
    - target: {fileID: 1701567360463815726, guid: c64bf64e6ab16914eaffa051d8496353,
        type: 3}
      propertyPath: m_LocalPosition.x
      value: -1.5
      objectReference: {fileID: 0}
    - target: {fileID: 1701567360463815726, guid: c64bf64e6ab16914eaffa051d8496353,
        type: 3}
      propertyPath: m_LocalPosition.y
      value: 0
      objectReference: {fileID: 0}
    - target: {fileID: 1701567360463815726, guid: c64bf64e6ab16914eaffa051d8496353,
        type: 3}
      propertyPath: m_LocalPosition.z
      value: 0
      objectReference: {fileID: 0}
    - target: {fileID: 1701567360463815726, guid: c64bf64e6ab16914eaffa051d8496353,
        type: 3}
      propertyPath: m_LocalRotation.x
      value: -0
      objectReference: {fileID: 0}
    - target: {fileID: 1701567360463815726, guid: c64bf64e6ab16914eaffa051d8496353,
        type: 3}
      propertyPath: m_LocalRotation.y
      value: -0
      objectReference: {fileID: 0}
    - target: {fileID: 1701567360463815726, guid: c64bf64e6ab16914eaffa051d8496353,
        type: 3}
      propertyPath: m_LocalRotation.z
      value: -0
      objectReference: {fileID: 0}
    - target: {fileID: 1701567360463815726, guid: c64bf64e6ab16914eaffa051d8496353,
        type: 3}
      propertyPath: m_LocalRotation.w
      value: 1
      objectReference: {fileID: 0}
    - target: {fileID: 1701567360463815726, guid: c64bf64e6ab16914eaffa051d8496353,
        type: 3}
      propertyPath: m_RootOrder
      value: 1
      objectReference: {fileID: 0}
    - target: {fileID: 1701567360463815726, guid: c64bf64e6ab16914eaffa051d8496353,
        type: 3}
      propertyPath: m_LocalEulerAnglesHint.x
      value: 0
      objectReference: {fileID: 0}
    - target: {fileID: 1701567360463815726, guid: c64bf64e6ab16914eaffa051d8496353,
        type: 3}
      propertyPath: m_LocalEulerAnglesHint.y
      value: 0
      objectReference: {fileID: 0}
    - target: {fileID: 1701567360463815726, guid: c64bf64e6ab16914eaffa051d8496353,
        type: 3}
      propertyPath: m_LocalEulerAnglesHint.z
      value: 0
      objectReference: {fileID: 0}
    m_RemovedComponents: []
  m_SourcePrefab: {fileID: 100100000, guid: c64bf64e6ab16914eaffa051d8496353, type: 3}
--- !u!4 &994385888300295470 stripped
Transform:
  m_CorrespondingSourceObject: {fileID: 1701567360463815726, guid: c64bf64e6ab16914eaffa051d8496353,
    type: 3}
  m_PrefabInstance: {fileID: 1896555087108808960}
  m_PrefabAsset: {fileID: 0}
--- !u!1001 &1896555087337867911
PrefabInstance:
  m_ObjectHideFlags: 0
  serializedVersion: 2
  m_Modification:
    m_TransformParent: {fileID: 1896555087339043330}
    m_Modifications:
    - target: {fileID: 1701567360463815727, guid: c64bf64e6ab16914eaffa051d8496353,
        type: 3}
      propertyPath: m_Name
      value: Block (4)
      objectReference: {fileID: 0}
    - target: {fileID: 1701567360463815727, guid: c64bf64e6ab16914eaffa051d8496353,
        type: 3}
      propertyPath: m_IsActive
      value: 0
      objectReference: {fileID: 0}
    - target: {fileID: 1701567360463815726, guid: c64bf64e6ab16914eaffa051d8496353,
        type: 3}
      propertyPath: m_LocalPosition.x
      value: 2.5
      objectReference: {fileID: 0}
    - target: {fileID: 1701567360463815726, guid: c64bf64e6ab16914eaffa051d8496353,
        type: 3}
      propertyPath: m_LocalPosition.y
      value: 0
      objectReference: {fileID: 0}
    - target: {fileID: 1701567360463815726, guid: c64bf64e6ab16914eaffa051d8496353,
        type: 3}
      propertyPath: m_LocalPosition.z
      value: 0
      objectReference: {fileID: 0}
    - target: {fileID: 1701567360463815726, guid: c64bf64e6ab16914eaffa051d8496353,
        type: 3}
      propertyPath: m_LocalRotation.x
      value: -0
      objectReference: {fileID: 0}
    - target: {fileID: 1701567360463815726, guid: c64bf64e6ab16914eaffa051d8496353,
        type: 3}
      propertyPath: m_LocalRotation.y
      value: -0
      objectReference: {fileID: 0}
    - target: {fileID: 1701567360463815726, guid: c64bf64e6ab16914eaffa051d8496353,
        type: 3}
      propertyPath: m_LocalRotation.z
      value: -0
      objectReference: {fileID: 0}
    - target: {fileID: 1701567360463815726, guid: c64bf64e6ab16914eaffa051d8496353,
        type: 3}
      propertyPath: m_LocalRotation.w
      value: 1
      objectReference: {fileID: 0}
    - target: {fileID: 1701567360463815726, guid: c64bf64e6ab16914eaffa051d8496353,
        type: 3}
      propertyPath: m_RootOrder
      value: 4
      objectReference: {fileID: 0}
    - target: {fileID: 1701567360463815726, guid: c64bf64e6ab16914eaffa051d8496353,
        type: 3}
      propertyPath: m_LocalEulerAnglesHint.x
      value: 0
      objectReference: {fileID: 0}
    - target: {fileID: 1701567360463815726, guid: c64bf64e6ab16914eaffa051d8496353,
        type: 3}
      propertyPath: m_LocalEulerAnglesHint.y
      value: 0
      objectReference: {fileID: 0}
    - target: {fileID: 1701567360463815726, guid: c64bf64e6ab16914eaffa051d8496353,
        type: 3}
      propertyPath: m_LocalEulerAnglesHint.z
      value: 0
      objectReference: {fileID: 0}
    m_RemovedComponents: []
  m_SourcePrefab: {fileID: 100100000, guid: c64bf64e6ab16914eaffa051d8496353, type: 3}
--- !u!4 &994385888477941417 stripped
Transform:
  m_CorrespondingSourceObject: {fileID: 1701567360463815726, guid: c64bf64e6ab16914eaffa051d8496353,
    type: 3}
  m_PrefabInstance: {fileID: 1896555087337867911}
  m_PrefabAsset: {fileID: 0}
--- !u!1001 &1896555087507542793
PrefabInstance:
  m_ObjectHideFlags: 0
  serializedVersion: 2
  m_Modification:
    m_TransformParent: {fileID: 1896555087339043330}
    m_Modifications:
    - target: {fileID: 1701567360463815727, guid: c64bf64e6ab16914eaffa051d8496353,
        type: 3}
      propertyPath: m_Name
      value: Block (3)
      objectReference: {fileID: 0}
    - target: {fileID: 1701567360463815727, guid: c64bf64e6ab16914eaffa051d8496353,
        type: 3}
      propertyPath: m_IsActive
      value: 0
      objectReference: {fileID: 0}
    - target: {fileID: 1701567360463815726, guid: c64bf64e6ab16914eaffa051d8496353,
        type: 3}
      propertyPath: m_LocalPosition.x
      value: 0.5
      objectReference: {fileID: 0}
    - target: {fileID: 1701567360463815726, guid: c64bf64e6ab16914eaffa051d8496353,
        type: 3}
      propertyPath: m_LocalPosition.y
      value: 0
      objectReference: {fileID: 0}
    - target: {fileID: 1701567360463815726, guid: c64bf64e6ab16914eaffa051d8496353,
        type: 3}
      propertyPath: m_LocalPosition.z
      value: 0
      objectReference: {fileID: 0}
    - target: {fileID: 1701567360463815726, guid: c64bf64e6ab16914eaffa051d8496353,
        type: 3}
      propertyPath: m_LocalRotation.x
      value: -0
      objectReference: {fileID: 0}
    - target: {fileID: 1701567360463815726, guid: c64bf64e6ab16914eaffa051d8496353,
        type: 3}
      propertyPath: m_LocalRotation.y
      value: -0
      objectReference: {fileID: 0}
    - target: {fileID: 1701567360463815726, guid: c64bf64e6ab16914eaffa051d8496353,
        type: 3}
      propertyPath: m_LocalRotation.z
      value: -0
      objectReference: {fileID: 0}
    - target: {fileID: 1701567360463815726, guid: c64bf64e6ab16914eaffa051d8496353,
        type: 3}
      propertyPath: m_LocalRotation.w
      value: 1
      objectReference: {fileID: 0}
    - target: {fileID: 1701567360463815726, guid: c64bf64e6ab16914eaffa051d8496353,
        type: 3}
      propertyPath: m_RootOrder
      value: 3
      objectReference: {fileID: 0}
    - target: {fileID: 1701567360463815726, guid: c64bf64e6ab16914eaffa051d8496353,
        type: 3}
      propertyPath: m_LocalEulerAnglesHint.x
      value: 0
      objectReference: {fileID: 0}
    - target: {fileID: 1701567360463815726, guid: c64bf64e6ab16914eaffa051d8496353,
        type: 3}
      propertyPath: m_LocalEulerAnglesHint.y
      value: 0
      objectReference: {fileID: 0}
    - target: {fileID: 1701567360463815726, guid: c64bf64e6ab16914eaffa051d8496353,
        type: 3}
      propertyPath: m_LocalEulerAnglesHint.z
      value: 0
      objectReference: {fileID: 0}
    m_RemovedComponents: []
  m_SourcePrefab: {fileID: 100100000, guid: c64bf64e6ab16914eaffa051d8496353, type: 3}
--- !u!4 &994385888639227687 stripped
Transform:
  m_CorrespondingSourceObject: {fileID: 1701567360463815726, guid: c64bf64e6ab16914eaffa051d8496353,
    type: 3}
  m_PrefabInstance: {fileID: 1896555087507542793}
  m_PrefabAsset: {fileID: 0}
--- !u!1001 &1896555088000322782
PrefabInstance:
  m_ObjectHideFlags: 0
  serializedVersion: 2
  m_Modification:
    m_TransformParent: {fileID: 1896555087339043330}
    m_Modifications:
    - target: {fileID: 1701567360463815727, guid: c64bf64e6ab16914eaffa051d8496353,
        type: 3}
      propertyPath: m_Name
      value: Block (2)
      objectReference: {fileID: 0}
    - target: {fileID: 1701567360463815727, guid: c64bf64e6ab16914eaffa051d8496353,
        type: 3}
      propertyPath: m_IsActive
      value: 0
      objectReference: {fileID: 0}
    - target: {fileID: 1701567360463815726, guid: c64bf64e6ab16914eaffa051d8496353,
        type: 3}
      propertyPath: m_LocalPosition.x
      value: -0.5
      objectReference: {fileID: 0}
    - target: {fileID: 1701567360463815726, guid: c64bf64e6ab16914eaffa051d8496353,
        type: 3}
      propertyPath: m_LocalPosition.y
      value: 0
      objectReference: {fileID: 0}
    - target: {fileID: 1701567360463815726, guid: c64bf64e6ab16914eaffa051d8496353,
        type: 3}
      propertyPath: m_LocalPosition.z
      value: 0
      objectReference: {fileID: 0}
    - target: {fileID: 1701567360463815726, guid: c64bf64e6ab16914eaffa051d8496353,
        type: 3}
      propertyPath: m_LocalRotation.x
      value: -0
      objectReference: {fileID: 0}
    - target: {fileID: 1701567360463815726, guid: c64bf64e6ab16914eaffa051d8496353,
        type: 3}
      propertyPath: m_LocalRotation.y
      value: -0
      objectReference: {fileID: 0}
    - target: {fileID: 1701567360463815726, guid: c64bf64e6ab16914eaffa051d8496353,
        type: 3}
      propertyPath: m_LocalRotation.z
      value: -0
      objectReference: {fileID: 0}
    - target: {fileID: 1701567360463815726, guid: c64bf64e6ab16914eaffa051d8496353,
        type: 3}
      propertyPath: m_LocalRotation.w
      value: 1
      objectReference: {fileID: 0}
    - target: {fileID: 1701567360463815726, guid: c64bf64e6ab16914eaffa051d8496353,
        type: 3}
      propertyPath: m_RootOrder
      value: 2
      objectReference: {fileID: 0}
    - target: {fileID: 1701567360463815726, guid: c64bf64e6ab16914eaffa051d8496353,
        type: 3}
      propertyPath: m_LocalEulerAnglesHint.x
      value: 0
      objectReference: {fileID: 0}
    - target: {fileID: 1701567360463815726, guid: c64bf64e6ab16914eaffa051d8496353,
        type: 3}
      propertyPath: m_LocalEulerAnglesHint.y
      value: 0
      objectReference: {fileID: 0}
    - target: {fileID: 1701567360463815726, guid: c64bf64e6ab16914eaffa051d8496353,
        type: 3}
      propertyPath: m_LocalEulerAnglesHint.z
      value: 0
      objectReference: {fileID: 0}
    m_RemovedComponents: []
  m_SourcePrefab: {fileID: 100100000, guid: c64bf64e6ab16914eaffa051d8496353, type: 3}
--- !u!4 &994385887009720560 stripped
Transform:
  m_CorrespondingSourceObject: {fileID: 1701567360463815726, guid: c64bf64e6ab16914eaffa051d8496353,
    type: 3}
  m_PrefabInstance: {fileID: 1896555088000322782}
  m_PrefabAsset: {fileID: 0}
--- !u!1001 &1896555088260766721
PrefabInstance:
  m_ObjectHideFlags: 0
  serializedVersion: 2
  m_Modification:
    m_TransformParent: {fileID: 1896555087339043330}
    m_Modifications:
    - target: {fileID: 1701567360463815727, guid: c64bf64e6ab16914eaffa051d8496353,
        type: 3}
      propertyPath: m_Name
      value: Block (5)
      objectReference: {fileID: 0}
    - target: {fileID: 1701567360463815727, guid: c64bf64e6ab16914eaffa051d8496353,
        type: 3}
      propertyPath: m_IsActive
      value: 0
      objectReference: {fileID: 0}
    - target: {fileID: 1701567360463815726, guid: c64bf64e6ab16914eaffa051d8496353,
        type: 3}
      propertyPath: m_LocalPosition.x
      value: 1.5
      objectReference: {fileID: 0}
    - target: {fileID: 1701567360463815726, guid: c64bf64e6ab16914eaffa051d8496353,
        type: 3}
      propertyPath: m_LocalPosition.y
      value: 0
      objectReference: {fileID: 0}
    - target: {fileID: 1701567360463815726, guid: c64bf64e6ab16914eaffa051d8496353,
        type: 3}
      propertyPath: m_LocalPosition.z
      value: 0
      objectReference: {fileID: 0}
    - target: {fileID: 1701567360463815726, guid: c64bf64e6ab16914eaffa051d8496353,
        type: 3}
      propertyPath: m_LocalRotation.x
      value: -0
      objectReference: {fileID: 0}
    - target: {fileID: 1701567360463815726, guid: c64bf64e6ab16914eaffa051d8496353,
        type: 3}
      propertyPath: m_LocalRotation.y
      value: -0
      objectReference: {fileID: 0}
    - target: {fileID: 1701567360463815726, guid: c64bf64e6ab16914eaffa051d8496353,
        type: 3}
      propertyPath: m_LocalRotation.z
      value: -0
      objectReference: {fileID: 0}
    - target: {fileID: 1701567360463815726, guid: c64bf64e6ab16914eaffa051d8496353,
        type: 3}
      propertyPath: m_LocalRotation.w
      value: 1
      objectReference: {fileID: 0}
    - target: {fileID: 1701567360463815726, guid: c64bf64e6ab16914eaffa051d8496353,
        type: 3}
      propertyPath: m_RootOrder
      value: 5
      objectReference: {fileID: 0}
    - target: {fileID: 1701567360463815726, guid: c64bf64e6ab16914eaffa051d8496353,
        type: 3}
      propertyPath: m_LocalEulerAnglesHint.x
      value: 0
      objectReference: {fileID: 0}
    - target: {fileID: 1701567360463815726, guid: c64bf64e6ab16914eaffa051d8496353,
        type: 3}
      propertyPath: m_LocalEulerAnglesHint.y
      value: 0
      objectReference: {fileID: 0}
    - target: {fileID: 1701567360463815726, guid: c64bf64e6ab16914eaffa051d8496353,
        type: 3}
      propertyPath: m_LocalEulerAnglesHint.z
      value: 0
      objectReference: {fileID: 0}
    m_RemovedComponents: []
  m_SourcePrefab: {fileID: 100100000, guid: c64bf64e6ab16914eaffa051d8496353, type: 3}
--- !u!4 &994385887286941743 stripped
Transform:
  m_CorrespondingSourceObject: {fileID: 1701567360463815726, guid: c64bf64e6ab16914eaffa051d8496353,
    type: 3}
  m_PrefabInstance: {fileID: 1896555088260766721}
  m_PrefabAsset: {fileID: 0}
